@book{Coding,
    author={R. Hamming},
    title={Coding and Information Theory},
    publisher={Prentice-Hall},
    year={1996}
}

@article{JCINodesChord,
    author={Jacek Cichoń and Marek Klonowski and Łukasz Krzywiecki and Bartłomiej Różański and Paweł Zieliński},
    title={On the Number of Nodes and Their Distribution in Chord},
    year={2006}
}

@misc{MAN,
    title={Linux man pages},
    howpublished="\url{https://linux.die.net/man/}"
}

@misc{Hamming,
    title={Prezentacja o kodach Hamminga},
    howpublished="\url{http://circuit.ucsd.edu/~yhk/ece154c-spr17/pdfs/ErrorCorrectionI.pdf}"
}

@misc{RAID1,
    title={Macierze RAID},
    howpublished= "\url{http://zelota.netshock.pl/pdf/PamieciKomputerowe/MacierzeRAID.pdf}"
}

@misc{FUSE_Docs,
    title={libfuse API Documentation},
    howpublished="\url{http://libfuse.github.io/doxygen/}"
}
